@article{fuller2020digital,
  title     = {Digital twin: Enabling technologies, challenges and open research},
  author    = {Fuller, Aidan and Fan, Zhong and Day, Charles and Barlow, Chris},
  journal   = {IEEE Access},
  volume    = {8},
  pages     = {108952--108971},
  year      = {2020},
  publisher = {IEEE}
}
@article{grieves2014digital,
  title     = {Digital twin: manufacturing excellence through virtual factory replication},
  author    = {Grieves, Michael},
  journal   = {White paper},
  volume    = {1},
  pages     = {1--7},
  year      = {2014},
  publisher = {Florida Institute of Technology}
}

@inproceedings{glaessgen2012digital,
  title     = {The digital twin paradigm for future NASA and US Air Force vehicles},
  author    = {Glaessgen, Edward and Stargel, David},
  booktitle = {53rd AIAA/ASME/ASCE/AHS/ASC structures, structural dynamics and materials conference 20th AIAA/ASME/AHS adaptive structures conference 14th AIAA},
  pages     = {1818},
  year      = {2012}
}

% NEUE SACHEN
@article{barricelli2019survey,
  title     = {A Survey on Digital Twin: Definitions, Characteristics, Applications, and Design Implications},
  author    = {Barricelli, Barbara Rita and Casiraghi, Elena and Fogli, Daniela},
  journal   = {IEEE Access},
  volume    = {7},
  pages     = {167653--167671},
  year      = {2019},
  publisher = {IEEE}
}

@article{rios2015product,
  title   = {Product Avatar as Digital Counterpart of a Physical Individual Product: Literature Review and Implications in an Aircraft},
  author  = {R{\'i}os, Jos{\'e} and Hern{\'a}ndez, Juan Carlos and OLIVA, Manuel and MASb, Fernando},
  journal = {ary Lif System},
  pages   = {657--659},
  year    = {2015}
}